@inproceedings{castellanos2021axdinterpolator,
  title=         {AXDInterpolator: A Tool for Computing Interpolants for Arrays with MaxDif},
  author=        {Castellanos Joo, J and Ghilardi, Silvio and Gianola, Alessandro and Kapur, Deepak},
  booktitle=     {19th International Workshop on Satisfiability Modulo Theories co-located with 33rd International Conference on Computer Aided Verification (CAV 2021)},
  volume=        {2908},
  pages=         {40--52},
  year=          {2021},
  organization=  {CEUR-WS. org}
}

@article{osorio_rc_type_2017,
  title =	 {Equivalence among RC-type paraconsistent logics},
  ISSN =	 {1368-9894},
  url =		 {http://dx.doi.org/10.1093/jigpal/jzw065},
  DOI =		 {10.1093/jigpal/jzw065},
  journal =	 {Logic Journal of IGPL},
  publisher =	 {Oxford University Press (OUP)},
  author =	 {Osorio, Mauricio and Joo, José Abel Castellanos},
  year =	 {2017},
  month =	 {Jan},
  pages =	 {jzw065}
}

@article{osorio_c_n_systems_2015,
  title =	 {A Single Proof of Classical Behaviour in da Costa’s {$C_n$} Systems},
  volume =	 {315},
  ISSN =	 {1571-0661},
  url =		 {http://dx.doi.org/10.1016/j.entcs.2015.06.002},
  DOI =		 {10.1016/j.entcs.2015.06.002},
  journal =	 {Electronic Notes in Theoretical Computer Science},
  publisher =	 {Elsevier BV},
  author =	 {Osorio, Mauricio and Castellanos, José Abel},
  year =	 {2015},
  month =	 {Sep},
  pages =	 {3–16}
}

@article{osorio_weaking_ext_z_2015,
  title =	 {Weakening and Extending {$\mathbb{Z}$}},
  volume =	 {9},
  ISSN =	 {1661-8300},
  url =		 {http://dx.doi.org/10.1007/s11787-015-0128-6},
  DOI =		 {10.1007/s11787-015-0128-6},
  number =	 {3},
  journal =	 {Logica Universalis},
  publisher =	 {Springer Science and Business Media LLC},
  author =	 {Osorio, Mauricio and Carballido, J. L. and Zepeda, C. and
                  Castellanos, J. A.},
  year =	 {2015},
  month =	 {Aug},
  pages =	 {383–409}
}
